2428 2940
232 674 480 796 Brevis
521 689 613 772 ‘de
663 704 1161 808 Vindobonensi
1219 704 1557 796 Symposii
1607 699 2071 794 Xenophontei

821 840 824 843 ·
856 816 1076 915 codice
1125 821 1437 883 narratio.

105 1003 448 1083 Anniversaria
482 1041 653 1084 scholae
686 1051 855 1086 nostrae
889 1041 1094 1085 solemnia
1118 1052 1173 1081 ne
1198 1041 1439 1094 prolusione
1474 1044 1656 1098 quadam
1686 1055 1765 1083 sua
1799 1047 2012 1089 carerent,
2058 1051 2197 1092 pauca

92 1104 368 1157 ,conscribere
394 1104 549 1144 institui
574 1105 628 1145 de
652 1105 874 1158 Symposio
903 1105 1023 1147 Xeno
1053 1104 1215 1147 honteo.
1270 1104 1350 1152 Qui
1377 1103 1483 1145 liber
1508 1104 1783 1147 facetissimus
1804 1114 1930 1157 quum
1960 1103 2044 1143 iam
2071 1108 2197 1142 antea

108 1155 372 1209 antiquitatis
393 1166 572 1208 graecae
602 1156 967 1212 investigatoribus
1001 1169 1030 1197 u
1060 1157 1253 1197 errimam
1287 1157 1445 1197 dederit
1470 1158 1533 1198 dis
1565 1158 1707 1199 utandi
1744 1158 1927 1209 copiam,
1962 1162 2048 1195 tum
2083 1165 2196 1194 nova

104 1219 238 1260 nuper
282 1214 381 1262 post
427 1209 487 1247 A.
521 1209 782 1250 Boeokhium
824 1210 931 1251 inter
970 1208 1017 1251 C.
1053 1209 1135 1253 Fr.
1179 1208 1456 1263 Hermannum
1512 1210 1539 1251 lt
1559 1210 1661 1251 arbu
1715 1221 1857 1251 ensem
1910 1213 1948 1248 et
1992 1206 2043 1248 A.
2077 1205 2120 1253 J.
2146 1205 2194 1245 F.

104 1258 450 1300 Henrichsenium
486 1259 849 1314 Flenopolitanum
884 1261 938 1304 de
970 1261 1149 1312 ratione,
1188 1272 1313 1315 quam
1347 1261 1549 1303 videatur
1571 1261 1651 1302 hoc
1664 1222 1954 1314 ¹{ymposiuin
1977 1264 2077 1297 cum
2099 1256 2194 1296 Pla-

103 1310 241 1353 tonico
275 1310 452 1361 habere,
498 1313 669 1353 excitari
712 1320 861 1368 coepta
893 1320 959 1353 est
981 1314 1217 1358 contentio:
1257 1314 1310 1351 de
1346 1326 1429 1364 qua
1462 1321 1602 1353 tamen
1639 1327 1690 1352 eo
1726 1313 1864 1351 minus
1902 1322 2016 1350 nunc
2054 1306 2195 1361 placet

102 1363 307 1411 iudicare,
346 1365 456 1413 quod
483 1363 562 1402 ille*
580 1365 647 1404 vir
663 1365 810 1404 doctus
836 1373 990 1408 contra.
1004 1364 1131 1402 huius
1154 1363 1343 1407 libellum
1354 1362 1562 1404 vindicias
1589 1375 1689 1404 suas
1712 1360 1795 1402 hoc
1822 1362 1914 1414 ipso
1939 1367 2124 1414 tempore
2148 1372 2196 1399 se

101 1425 254 1466 parare
290 1413 395 1454 mihi
424 1414 508 1458 sori
538 1414 602 1454 sit.
672 1414 831 1467 Verum
865 1413 996 1455 etiam
1029 1412 1197 1453 aliunde
1231 1413 1533 1465 Xenophonteo
1567 1414 1674 1453 libro
1711 1415 1897 1452 oriuntur
1930 1411 2194 1456 difficultates

103 1466 206 1505 satis
229 1477 403 1516 gravem,
439 1478 467 1504 a
518 1466 702 1505 1brorum
733 1479 866 1511 manuf
898 1468 1146 1517 scriptorum
1180 1464 1249 1505 ino
1280 1464 1362 1507 iaz>v
1387 1478 1497 1517 quae
1530 1478 1612 1518 quo
1639 1464 1810 1518 gravius
1838 1462 1967 1505 fertur
1995 1476 2023 1505 a
2052 1462 2192 1505 Xeno·-

103 1516 269 1570 phontis
303 1513 579 1567 amatoribuS‚
597 1545 600 1546 γ
617 1528 668 1558 eo
702 1516 938 1572 diligentius
964 1528 1086 1557 nova
1116 1515 1231 1556 subsi
1260 1527 1302 1556 ia
1321 1565 1324 1569 ι
1340 1516 1600 1568 dispicienda
1624 1519 1815 1557 videntur
1843 1529 1948 1555 esse.
2000 1517 2193 1556 Perusini

104 1570 320 1609 cuiusdam
338 1570 514 1617 codicis,
541 1614 546 1618 ,
570 1570 614 1607 ui
670 1583 770 1609 uum
791 1570 898 1611 alios
918 1568 1048 1609 libros
1074 1567 1195 1608 Xeno
1224 1567 1362 1609 hontis
1390 1569 1571 1620 continet
1602 1576 1690 1611 tum
1714 1567 1981 1617 Convivium‚
2008 1567 2195 1610 notitiam

104 1620 286 1672 aliquam
312 1620 454 1672 debeo
471 1621 519 1662 F.
586 1620 660 1663 ’tsc
690 1620 806 1673 elio-‚1
833 1619 922 1665 Soli
939 1624 1096 1671 autem,
1123 1619 1193 1673 qui
1222 1631 1273 1660 us
1299 1618 1687 1661 hodie-Convivium
1705 1621 1866 1669 nititur,
1892 1621 2071 1659 Parisini
2098 1621 2193 1660 libri

102 1679 221 1723 sunt,
253 1683 428 1737 φοι-ηιμ
464 1679 611 1713 tamen.
638 1673 900 1713 collationem
927 1672 1165 1713 Gailianam
1200 1679 1281 1722 aut·
1297 1669 1394 1730 ¹olim
1420 1673 1655 1714 accuratius
1678 1671 1831 1714 factam
1859 1679 1930 1713 aut
1954 1684 2064 1714 nova
2089 1680 2191 1727 cura

103 1732 358 1788 recognitam
384 1723 581 1765 velimus:
606 1723 649 1770 id
677 1725 787 1787 quod
807 1723 1030 1772 dolendum
1055 1729 1117 1764 est
1142 1736 1168 1763 a
1193 1723 1423 1764 novissima*
1433 1740 1437 1780 1
1449 1724 1627 1768 editione
1643 1724 1848 1774 parisina,
1875 1730 1921 1764 ut
1945 1723 2100 1766 factum
2128 1733 2191 1765 est

104 1777 160 1817 ab
186 1789 276 1818 elus
300 1776 537 1821 auctoribus
556 1776 607 1816 ‘in
620 1776 937 1828 -aliis‘veterum
966 1776 1152 1828 scriptis,
1177 1776 1219 1815 in
1241 1774 1514 1828 Xenophonte
1541 1776 1699 1818 factum
1725 1790 1809 1817 non
1838 1788 1942 1818 esse.
2003 1777 2189 1821 Maximo

103 1828 227 1881 igitur
263 1840 357 1870 cum
383 1829 537 1880 gaudio
575 1828 907 1880 gratissimoque.
915 1828 1052 1868 animo
1079 1840 1106 1868 a
1132 1826 1178 1867 C.
1203 1827 1260 1867 E:
1279 1823 1377 1868 Chr.
1404 1826 1659 1868 Schneidero
1674 1827 2007 1869 'Vratislaviensi
2020 1828 2189 1869 <factam

104 1880 184 1919 sibi
210 1880 264 1920 ab
288 1880 326 1921 J.
353 1880 403 1920 H.
431 1879 527 1921 Chr.
555 1879 789 1931 Schubarto
815 1879 1147 1923 Vindobonensis
1181 1879 1394 1922 cuiusdam
1430 1878 1526 1918 libri
1558 1879 1820 1920 collationem
1854 1880 2024 1931 accepi,
2062 1894 2188 1935 quam

105 1933 157 1970 si.
180 1935 276 1972 cum
310 1931 546 1973 hominibus
578 1929 807 1973 litterarum
843 1943 1091 1986 graecarum
1126 1929 1322 1972 studiosis
1347 1929 1721 1982 communicarem,
1760 1930 1874 1972 haud
1899 1929 2047 1972 inutile
2070 1932 2187 1985 vquid-

106 1994 231 2034 quam
254 1982 439 2026 facturus
463 1982 564 2023 mihi
588 1984 773 2025 videbar.
1007 2001 1011 2004 “
1351 2000 1354 2002 ·
1760 2001 1764 2004 ·

104 2053 106 2055 -
210 2033 353 2074 Codex
376 2035 978 2090 Vindobonensischartaceus
996 2041 1077 2085 est,
1102 2034 1260 2076 formae
1287 2035 1537 2086 quadratae,
1566 2042 1730 2088 praeter
1755 2035 2045 2091 Xenophontis
2065 2035 2097 2078 S
2171 2062 2186 2070 ·
2236 2071 2241 2075 .

104 2084 266 2177 Rosium
291 2084 478 2128 Platonis
512 2085 568 2128 ali
598 2092 668 2129 uot
699 2083 853 2135 librosss
869 2087 1047 2139 continet
1082 2092 1225 2150 estque
1250 2086 1357 2126 idem
1370 2098 1389 2135 ‚·
1420 2087 1489 2139 qui
1517 2087 1792 2127 Stallbaumio
1819 2088 1969 2127 dicitur
1997 2089 2082 2127 Vin
2111 2117 2123 2128 .
2147 2090 2187 2137 6,

146 2136 301 2176 ekkero
324 2139 380 2186 Φ,
397 2139 572 2192 v,Schnei
602 2152 673 2180 ero
696 2140 821 2180 Vind.
845 2140 881 2179 B
894 2168 906 2189 ‚
941 2138 1012 2180 lon
1043 2151 1066 2178 e
1096 2138 1169 2179 dih
1200 2138 1333 2188 entius
1367 2137 1439 2178 ille
1474 2152 1600 2191 quam
1633 2152 1661 2180 a
1685 2137 1882 2181 Bekkero
1919 2139 1975 2180 ad
2001 2138 2188 2182 Platonis

107 2189 323 2230 Civitatem
347 2200 549 2232 excussus
575 2205 603 2233 a
628 2190 882 2234 Schneidero
909 2191 1011 2244 (vid.
1049 2219 1059 2231 .
1081 2204 1122 2253 p.
1140 2189 1181 2231 X
1222 2183 1277 2230 111
1304 2202 1392 2243 sqq.
1409 2191 1455 2230 11.
1477 2205 1518 2243 p.
1543 2191 1738 2231 XXXVI.
1765 2192 1833 2231 111.
1853 2205 1895 2245 p.
1917 2191 2050 2232 CXVI
2062 2195 2187 2245 sqq).

106 2240 174 2282 De
195 2239 477 2292 Xenophontis
496 2242 698 2286 convivio
723 2244 883 2284 accedit
899 2244 951 2282 ad
970 2243 1181 2284 Parisinus
1205 2240 1353 2291 libros,
1381 2243 1450 2294 qui
1477 2254 1583 2295 pene
1602 2244 1685 2284 duo
1708 2249 1869 2285 tantum
1895 2250 2016 2294 sunt,
2044 2250 2187 2285 auctor

107 2300 147 2332 et
171 2292 603 2345 testis-gravissimus:
644 2296 888 2348 quibuscum
923 2296 960 2335 si
985 2294 1001 2299 ‘
1015 2295 1154 2335 uaeris
1193 2305 1317 2346 quam
1351 2293 1424 2333 ille
1456 2295 1659 2336 rationem
1685 2294 1860 2346 habeat,
1907 2302 1972 2336 est
2009 2296 2184 2349 quidem,

104 2350 151 2386 nt
176 2344 357 2396 videtur,
384 2356 436 2386 ex
461 2346 720 2388 eodem-cum
745 2346 830 2388 illis
856 2354 970 2388 ortus
1013 2354 1106 2388 onte
1123 2346 1395 2398 perantiquo,
1435 2346 1489 2386 ab
1514 2346 1660 2386 iisdem
1699 2353 1841 2390 tamen
1869 2347 2090 2389 admodum
2122 2347 2183 2386 di·

107 2407 275 2446 versus,
305 2397 399 2449 ipse
422 2397 516 2438 fons
541 2400 738 2439 Juntinae
765 2399 975 2449 editionis,
1005 2412 1114 2452 quae
1138 2405 1202 2438 est
1224 2397 1421 2451 princeps
1449 2398 1643 2440 omnium.
1693 2398 1901 2451 Plurima,
1939 2412 2046 2453 quae
2068 2398 2183 2439 Pari-

57 2481 62 2484 .
107 2447 292 2490 sinotum
309 2450 490 2512 propria
524 2457 640 2501 sunt,
685 2450 785 2492 vitia
807 2463 899 2493 non
936 2450 1085 2500 habet3
1114 2450 1266 2491 ‘minus
1303 2451 1469 2503 quidem
1499 2452 1552 2490 ad
1577 2450 1729 2491 librum
1753 2451 1817 2501 A,
1852 2453 1922 2507 qui
1985 2451 2184 2503 rincipem

104 2509 227 2540 suum
260 2507 502 2544 ›etlamnunc
537 2510 647 2544 tenet
680 2502 842 2551 locum,
883 2516 1010 2556 quam
1047 2505 1100 2544 ad
1132 2504 1168 2543 B
1202 2502 1393 2544 inclinatx
1434 2516 1543 2556 quae
1574 2517 1660 2545 non
1693 2517 1848 2557 magna
1880 2518 1952 2557 pro
1971 2508 2060 2543 ecto
2095 2501 2186 2545 eius

105 2550 197 2592 raus
228 2558 311 2592 ffitss
335 2559 380 2594 a<
398 2555 592 2608 ‘plurimis
618 2555 749 2606 vitiis,
775 2555 924 2609 quibus
949 2554 1021 2596 ifle
1046 2553 1302 2596 deformatus
1329 2561 1404 2605 est,
1433 2561 1473 2596 et
1499 2556 1690 2609 turpibus
1716 2555 1990 2609 negligentiae
2016 2554 2086 2594 vel
2111 2556 2188 2596 im-

110 2602 354 2657 prudentiae
380 2608 567 2661 vestigiis
594 2608 782 2651 omnibus
807 2607 911 2649 liber
937 2615 999 2649 est
1024 2615 1163 2650 noster
1188 2608 1332 2648 codex.
1394 2607 1516 2649 Cum?
1531 2608 1614 2650 hoc
1637 2609 1804 2688 Jussntina
1840 2608 1941 2647 mire
1970 2609 2186 2659 consentit,
